<?xml version="1.0" encoding="UTF-8"?><collection><record><leader>10437ntm a2200697 a 4500</leader><controlfield tag="001">006768324</controlfield><controlfield tag="003">MiAaHDL</controlfield><controlfield tag="005">20190719000000.0</controlfield><controlfield tag="006">m        d        </controlfield><controlfield tag="007">cr bn ---auaua</controlfield><controlfield tag="008">090505s1528    xx            00| ||ara d</controlfield><datafield tag="035" ind1=" " ind2=" "><subfield code="a">(MiU)006768324</subfield></datafield><datafield tag="035" ind1=" " ind2=" "><subfield code="a">sdr-miu006768324</subfield></datafield><datafield tag="040" ind1=" " ind2=" "><subfield code="a">MiU</subfield><subfield code="c">MiU</subfield><subfield code="e">amremm</subfield></datafield><datafield tag="043" ind1=" " ind2=" "><subfield code="a">n-us-mi</subfield></datafield><datafield tag="100" ind1="1" ind2=" "><subfield code="6">880-01</subfield><subfield code="a">Fīrūzābādī, Muḥammad ibn Yaʻqūb,</subfield><subfield code="d">1329-1414 or 1415.</subfield></datafield><datafield tag="240" ind1="1" ind2="0"><subfield code="6">880-02</subfield><subfield code="a">Qāmūs al-muḥīṭ</subfield></datafield><datafield tag="245" ind1="1" ind2="0"><subfield code="6">880-03</subfield><subfield code="a">Kitāb al-Qāmūs al-muḥīṭ wa-al-qābūs al-wasīṭ fī al-lughah,</subfield><subfield code="f">[934, i.e. 1528].</subfield></datafield><datafield tag="246" ind1="3" ind2=" "><subfield code="i">Edge title (tail):</subfield><subfield code="a">كتاب قاموس اللغة</subfield></datafield><datafield tag="260" ind1=" " ind2=" "><subfield code="c">[1528]</subfield></datafield><datafield tag="300" ind1=" " ind2=" "><subfield code="a">478 leaves :</subfield><subfield code="b">paper ;</subfield><subfield code="c">283 x 180 (205 x 123) mm. bound to 283 x 185 mm.</subfield></datafield><datafield tag="500" ind1=" " ind2=" "><subfield code="a">Shelfmark: Ann Arbor, University of Michigan, Special Collections Library, Isl. Ms. 123</subfield></datafield><datafield tag="500" ind1=" " ind2=" "><subfield code="a">Origin: As appears in colophon on p.953, al-Qāmūs copied by Najm al-Dīn Aḥmad ibn ʻIlm al-Dīn Ibrāhīm al-ʻAbbāsī. Transcription finished ("wa-kāna al-farāgh min kitābatih...") 17 [?] Dhū al-Qaʻdah 934 [ca. 3 August 1528]. Lengthy authorial colophon also appears on p.953. As appears in colophons on p.17 and p.20, added opening commentary and biographical notice for al-Fīrūzābādī copied by ʻAlī ibn Muṣṭafá. Transcription finished Ṣafar 1166 [December 1752 or January 1753].</subfield></datafield><datafield tag="500" ind1=" " ind2=" "><subfield code="a">Accompanying materials: Scraps of paper inserted, some with notes (paginated pp.57-58, pp.261-262, pp.681-682) ; leaf from another ms. copy of this work also inserted (paginated pp.943-944).</subfield></datafield><datafield tag="500" ind1=" " ind2=" "><subfield code="a">Former shelfmark: British Museum, London "No. 54. Al-Kamus al-muhit."</subfield></datafield><datafield tag="500" ind1=" " ind2=" "><subfield code="a">Binding: Pasteboards covered in dark olive green leather ; Type II binding (with flap, though now lost) ; doublures in red leather ; upper and lower covers bear large blind-stamped and gold-painted mandorla filled with floral vegetal composition (compare Déroche class. OAi 6) and surrounded by gold-painted accents, accompanied by gold-painted border of tooled fillets framing a roll in a series of s-shaped stamps ; doublures and interior of envelope flap carry simple border in tooled and gold-painted fillets ; sewn in pink thread, two stations ; worked endbands in lime green and red, fair condition ; overall in poor condition with lower cover fully detached at spine, upper cover also detaching, flap lost, some abrasion, staining, lifting and losses of leather, delamination of boards, pest damage, etc. ; repairs in tan leather ; housed in box for protection.</subfield></datafield><datafield tag="500" ind1=" " ind2=" "><subfield code="a">Support: non-European laid paper (Persian?) with 8 laid lines per cm. (horizontal), curving and sagging at head and tail, irregular chain lines, crisp and somewhat translucent ; added leaves preceding main text in European laid paper with 7 laid lines per cm. (horizontal), chain lines spaced 21-22 mm. apart (vertical), and three crescent (tre lune) watermark ; some staining.</subfield></datafield><datafield tag="500" ind1=" " ind2=" "><subfield code="a">Decoration: Illuminated titlepiece on 'title page' (p.25) consists of rectangular panel carrying the title and introducing the author "كتاب القاموس المحيط والقابوس الوسيط في اللغة مولفه" ; this panel serves as a headpiece (ʻunwān) for the rectangular, full-page panel below, which carries a biographical notice for the author ; elegant illuminated headpiece (ʻunwān) at opening of main text on p.26 consists of rectangular panel set in a well of narrow gold bands and surmounted by vertical stalks (tīgh) in blue ; rectangular panel bears cartouche carrying basmalah in white ink on a field of gold with swirling vegetal arabesque in green ; cartouche is flanked by vegetal accents in gold on a fields of blue ; entire panel surrounded by frame consisting of a central blue band with white cross pattern flanked by gold fillets ; written area throughout surrounded by frame consisting of gold band outlined by black fillets, with additional blue fillet appearing on incipit and facing page ; textual dividers in the form of gold dics appear on incipit and facing page ; text being commented upon in opening sharḥ, keywords, some entry/section headings, and abbreviations rubricated ; section headings and keywords occasionally chrysographed.</subfield></datafield><datafield tag="500" ind1=" " ind2=" "><subfield code="a">Script: Naskh ; fine Syrian hand [?] ; virtually serifless ; open counters ; pointing in distinct dots ; mainly tapered descenders ; fully vocalized ; added opening commentary supplied in a naskh with influence of nastaʻlīq, virtually serifless, with effect of words descending to baseline, mainly closed counters.</subfield></datafield><datafield tag="500" ind1=" " ind2=" "><subfield code="a">Layout: Written in 35 lines per page ; frame-ruled.</subfield></datafield><datafield tag="500" ind1=" " ind2=" "><subfield code="a">Collation: VI (12), 25 V(262), IV (270), 8 V(350), IV (358), 12 V(478) ; chiefly quinions ; final three leaves left blank ; Hindu-Arabic numerals appear irregularly at mid-quire ; catchwords present ; pagination in pencil, Western numerals, supplied during digitization (includes inserts ; skips first leaf and two pages between pp.33-34).</subfield></datafield><datafield tag="500" ind1=" " ind2=" "><subfield code="a">Colophon: [Sharḥ Khuṭbat al-Qāmūs] "Scribal," triangular, reads: "تمت الرسالة المنيفة الشريفة على يد احقر العباد واحوجهم علي بن محمد في يوم الثلثة في وقت الضحوة الكبرى في شهر صفر في سنة ست وستين ومائة والف" ; [Tarjamat al-muʼallif al-Fīrūzābādī] "Scribal," triangular, reads: "تمت هذه الرسالة الشريفة وقت العصر في شهر صفر سنة ست وستين ومائة والف تم تم تم تم تم تم" ; [al-Qāmūs] "Scribal," triangular, reads: "وكان الفراغ من كتابته في يوم الثلثاء بين الظهر والعصر السابع [؟] عشر من شهر ذي القعدة الحرام شهور سنة اربعة وثلاثين وتسع مائة ... على يد العبد الفقير الذليل الحقير المعترف بالعجز والتقصير الراجي عفو ربه العفو القدير من ليس لفضل مولاه ناسي احمد المدعو نجم الدين بن ابراهيم علم الدين العباسي عفا الله عنهما وغفر لهما وختم لهما بخير امين والحمد لله رب العالمين وحسبنا الله ونعم الوكيل وصلى الله وسلم على من لا نبي بعده واله وصحبه والتابعين بعده"</subfield></datafield><datafield tag="500" ind1=" " ind2=" "><subfield code="a">Explicit: [al-Qāmūs] "لان قبلها كسرة تخلفها ويا الجزم المنبسط رأيت عبدي الله لم تسقط لانه لا خلف عنها"</subfield></datafield><datafield tag="500" ind1=" " ind2=" "><subfield code="a">Incipit: [Sharḥ Khuṭbat al-Qāmūs] "الحمد لله وسلام على عباده الذين اصطفى ولمياء منهم يزول قلق الرب ويحصل طأمنينة اليقين والشفاء اما بعد فقد سألني بعض الاخوان من اعيان الزمان ان اشرح لهم خطبة القاموس ..." ; [al-Qāmūs] "الحمد لله منطق البلغاء باللغي في البوادي ومودع اللسان اللسن الهوادي ... وبعد فان للعلم رياضا وحياضا ...والفت هذا الكتاب محذوف الشواهد مطروح الزوائد ... واسميته القاموس المحيط لانه البحر الاعظم ..."</subfield></datafield><datafield tag="500" ind1=" " ind2=" "><subfield code="a">Title from titlepiece on 'title page' (p.25).</subfield></datafield><datafield tag="500" ind1=" " ind2=" "><subfield code="a">Ms. composite codex.</subfield></datafield><datafield tag="505" ind1="0" ind2=" "><subfield code="a">5. p.954-p.960 : [blank].</subfield></datafield><datafield tag="505" ind1="0" ind2=" "><subfield code="a">4. p.25-p.953 : al-Qāmūs al-muḥīṭ wa-al-qābūs al-wasīṭ / al-Fīrūzābādī.</subfield></datafield><datafield tag="505" ind1="0" ind2=" "><subfield code="a">3. p.21-p.24 : [blank].</subfield></datafield><datafield tag="505" ind1="0" ind2=" "><subfield code="a">2. p.17-p.20 : Tarjamat al-muʼallif al-Fīrūzābādī.</subfield></datafield><datafield tag="505" ind1="0" ind2=" "><subfield code="a">1. p.2-p.17 : Sharḥ Khuṭbat al-Qāmūs / ʻĪsá ibn ʻAbd al-Raḥīm.</subfield></datafield><datafield tag="510" ind1="4" ind2=" "><subfield code="a">Ḥājjī Khalīfah. Kashf al-ẓunūn,</subfield><subfield code="c">2/1308</subfield></datafield><datafield tag="510" ind1="4" ind2=" "><subfield code="a">Brockelmann, C. GAL,</subfield><subfield code="c">II, 181 ; S II 234</subfield></datafield><datafield tag="520" ind1="8" ind2=" "><subfield code="a">Elegant copy of al-Fīrūzābādī’s (d.1414 or 15) renowned dictionary of the Arabic language. Preceded by a commentary on the dictionary's preface by ʻĪsá ibn ʻAbd al-Raḥīm (see Kashf al-ẓunūn 2/1308 and GAL, S II 234) and a biographical entry for al-Fīrūzābādī, both copied much later than the main text and supplied on added leaves.</subfield></datafield><datafield tag="538" ind1=" " ind2=" "><subfield code="a">Mode of access: Internet.</subfield></datafield><datafield tag="541" ind1=" " ind2=" "><subfield code="c">Purchase ;</subfield><subfield code="a">Acquired by purchase (funds donated by Horace Rackham).</subfield><subfield code="d">1924.</subfield></datafield><datafield tag="546" ind1=" " ind2=" "><subfield code="a">Arabic.</subfield></datafield><datafield tag="561" ind1=" " ind2=" "><subfield code="a">Bookplate of British Museum, London on interior of upper cover, "British Museum, London. No. 54. Al-Kamus al-muhit." ; circular seal impression with figure of goat/gazelle in purple ink as well as inscription "497" in Western numerals on first of added leaves and on p.23 ; oval seal impression partially visible on p.23 ; waqf statement on ’title page’ (p.25) in name of al-Sayyid al-Ḥājj ʻAbd Allāh, muftī in Erzincan reads "قاموس المحيط وقف السيد الحاج عبد الله المفتى بكتب خانه المعموره بارزنجان" ; collation statement on p.25 ; occasional marginal corrections and glosses ; a few notabilia, some rubricated ; on p.955 collation statement with number of leaves in Turkish, likely signed by the collator [Muḥammad ibn Jaqr ibn Ḥusayn?] , reads "... درتيوز التمش سكز ورق كتبه الفقير محمد بن جقر [؟] بن الحاج حسين".</subfield></datafield><datafield tag="650" ind1=" " ind2="0"><subfield code="a">Manuscripts, Arabic</subfield><subfield code="z">Michigan</subfield><subfield code="z">Ann Arbor.</subfield></datafield><datafield tag="650" ind1=" " ind2="0"><subfield code="a">Arabic language</subfield><subfield code="v">Dictionaries</subfield><subfield code="v">Early works to 1800.</subfield></datafield><datafield tag="700" ind1="0" ind2=" "><subfield code="6">880-06</subfield><subfield code="a">ʻAlī ibn Muṣṭafá,</subfield><subfield code="d">fl. 1753 or 4,</subfield><subfield code="e">scribe.</subfield></datafield><datafield tag="700" ind1="0" ind2=" "><subfield code="6">880-05</subfield><subfield code="a">Najm al-Dīn Aḥmad ibn Ibrāhīm al-ʻAbbāsī,</subfield><subfield code="d">fl. 1528,</subfield><subfield code="e">scribe.</subfield></datafield><datafield tag="700" ind1="0" ind2="2"><subfield code="6">880-04</subfield><subfield code="a">ʻĪsá ibn ʻAbd al-Raḥīm,</subfield><subfield code="d">ca. 1591.</subfield><subfield code="t">Sharḥ Khuṭbat al-Qāmūs.</subfield></datafield><datafield tag="740" ind1="0" ind2="2"><subfield code="a">Tarjamat al-muʼallif al-Fīrūzābādī</subfield></datafield><datafield tag="773" ind1="0" ind2=" "><subfield code="a">Tiflis Collection.</subfield></datafield><datafield tag="880" ind1="0" ind2=" "><subfield code="6">700-06/</subfield><subfield code="a">علي بن مصطفى،</subfield><subfield code="e">ناسخ.</subfield></datafield><datafield tag="880" ind1="0" ind2=" "><subfield code="6">700-05/</subfield><subfield code="a">نجم الدين احمد بن ابراهيم العباسي,</subfield><subfield code="e">ناسخ.</subfield></datafield><datafield tag="880" ind1="0" ind2="2"><subfield code="6">700-04/</subfield><subfield code="a">عيسى بن عبد الرحيم،</subfield><subfield code="t">شرح خطبة القاموس.</subfield></datafield><datafield tag="880" ind1="1" ind2="0"><subfield code="6">245-03/</subfield><subfield code="a">كتاب القاموس المحيط والقابوس الوسيط في اللغة,</subfield><subfield code="f">[934ه, 1528م].</subfield></datafield><datafield tag="880" ind1="1" ind2="0"><subfield code="6">240-02/</subfield><subfield code="a">قاموس المحيط</subfield></datafield><datafield tag="880" ind1="1" ind2=" "><subfield code="6">100-01/</subfield><subfield code="a">.فيروزابادي، محمد بن يعقوب</subfield></datafield><datafield tag="CID" ind1=" " ind2=" "><subfield code="a">006768324</subfield></datafield><datafield tag="DAT" ind1="0" ind2=" "><subfield code="a">20190719102635.0</subfield><subfield code="b">20190719000000.0</subfield></datafield><datafield tag="DAT" ind1="1" ind2=" "><subfield code="a">20190719090653.0</subfield><subfield code="b">2019-07-19T16:11:19Z</subfield></datafield><datafield tag="DAT" ind1="2" ind2=" "><subfield code="a">2015-10-02T18:00:03Z</subfield></datafield><datafield tag="CAT" ind1=" " ind2=" "><subfield code="a">SDR-MIU</subfield><subfield code="d">EX LIBRIS - ALEPH</subfield><subfield code="l">prepare.pl-004-008</subfield></datafield><datafield tag="FMT" ind1=" " ind2=" "><subfield code="a">BK</subfield></datafield><datafield tag="HOL" ind1=" " ind2=" "><subfield code="0">sdr-miu006768324</subfield><subfield code="a">MiU</subfield><subfield code="b">SDR</subfield><subfield code="c">MIU</subfield><subfield code="p">mdp.39015079125285</subfield><subfield code="s">MIU</subfield><subfield code="1">006768324</subfield></datafield><datafield tag="974" ind1=" " ind2=" "><subfield code="b">MIU</subfield><subfield code="c">MIU</subfield><subfield code="d">20190719</subfield><subfield code="s">lit-dlps-dc</subfield><subfield code="u">mdp.39015079125285</subfield><subfield code="y">1528</subfield><subfield code="r">pd</subfield><subfield code="q">bib</subfield><subfield code="t">non-US bib date1 &lt; 1879</subfield></datafield></record></collection>